<?xml version="1.0" encoding="UTF-8"?><collection xmlns="http://www.loc.gov/MARC21/slim"><record><leader>00392nam--2200133-i-4500</leader><controlfield tag="001">000020017</controlfield><controlfield tag="002">20161230</controlfield><controlfield tag="005">20161230201033</controlfield><controlfield tag="008">060222s1000------------r-----000-0-eng-d</controlfield><datafield ind1=" " ind2=" " tag="080"><subfield code="a">541.28:543.253:546.431:546.432(047.3)</subfield></datafield><datafield ind1=" " ind2=" " tag="100"><subfield code="a">Fourest, Blandine</subfield></datafield><datafield ind1=" " ind2=" " tag="245"><subfield code="a">Radiopolarographie du baryum et du radium. these</subfield></datafield><datafield ind1=" " ind2=" " tag="260"><subfield code="a">Paris, Universite Pierre Et Marie Curie. 1978. 69 P</subfield></datafield><datafield ind1=" " ind2=" " tag="852"><subfield code="a">49781</subfield></datafield></record></collection>